
@inbook{abe2006,
	title = {An Academic Information Retrieval System Based on Multiagent Framework},
	author = {Abe, Toru and Chiba, Yuu and Suoya,  and Li, Baoning and Kinoshita, Tetsuo},
	editor = {Ng, Hwee Tou and Leong, Mun-Kew and Kan, Min-Yen and Ji, Donghong},
	year = {2006},
	date = {2006},
	publisher = {Springer Berlin Heidelberg},
	pages = {497--507},
	volume = {4182},
	url = {http://link.springer.com/10.1007/11880592_38},
	note = {Series Title: Lecture Notes in Computer Science
DOI: 10.1007/11880592{\_}38},
	address = {Berlin, Heidelberg}
}


@book{goodrich2013,
	title = {Data structures and algorithms in Python},
	author = {Goodrich, Michael T. and Tamassia, Roberto and Goldwasser, Michael H.},
	year = {2013},
	date = {2013},
	publisher = {Wiley},
	address = {Hoboken, NJ}
}

@book{miningt2012,
	title = {Mining text data},
	editor = {Aggarwal, Charu C. and Zhai, ChengXiang},
	year = {2012},
	date = {2012},
	publisher = {Springer},
	doi = {10.1007/978-1-4614-3223-4},
	note = {DOI: 10.1007/978-1-4614-3223-4},
	address = {New York Heidelberg},
	langid = {eng}
}

@book{manning2008,
	title = {Introduction to information retrieval},
	author = {Manning, Christopher D. and Raghavan, Prabhakar and {Schütze}, Hinrich},
	year = {2008},
	date = {2008},
	publisher = {Cambridge University Press},
	note = {OCLC: ocn190786122},
	address = {New York}
}

@article{kraft2017,
	title = {Fuzzy Information Retrieval},
	author = {Kraft, Donald H. and Colvin, Erin},
	year = {2017},
	month = {01},
	date = {2017-01-20},
	journal = {Synthesis Lectures on Information Concepts, Retrieval, and Services},
	pages = {i--63},
	volume = {9},
	number = {1},
	doi = {10.2200/s00752ed1v01y201701icr055},
	url = {http://dx.doi.org/10.2200/S00752ED1V01Y201701ICR055},
	langid = {en}
}

@book{miningt2012a,
	title = {Mining text data},
	editor = {Aggarwal, Charu C. and Zhai, ChengXiang},
	year = {2012},
	date = {2012},
	publisher = {Springer},
	doi = {10.1007/978-1-4614-3223-4},
	note = {DOI: 10.1007/978-1-4614-3223-4},
	address = {New York Heidelberg},
	langid = {eng}
}

@book{balog2018,
	title = {Entity-Oriented Search},
	author = {Balog, Krisztian},
	year = {2018},
	date = {2018},
	publisher = {Springer International Publishing : Imprint: Springer},
	series = {The Information Retrieval Series},
	number = {39},
	edition = {1st ed. 2018},
	doi = {10.1007/978-3-319-93935-3},
	note = {DOI: 10.1007/978-3-319-93935-3},
	address = {Cham}
}

@book{miningt2012b,
	title = {Mining text data},
	editor = {Aggarwal, Charu C. and Zhai, ChengXiang},
	year = {2012},
	date = {2012},
	publisher = {Springer},
	doi = {10.1007/978-1-4614-3223-4},
	note = {DOI: 10.1007/978-1-4614-3223-4},
	address = {New York Heidelberg},
	langid = {eng}
}

@book{eisenstein2019,
	title = {Introduction to natural language processing},
	author = {Eisenstein, Jacob},
	year = {2019},
	date = {2019},
	publisher = {The MIT Press},
	series = {Adaptive computation and machine learning},
	address = {Cambridge, Massachusetts}
}
@book{knuth1997,
	title = {The art of computer programming},
	author = {Knuth, Donald Ervin},
	year = {1997},
	date = {1997},
	publisher = {Addison-Wesley},
	edition = {3rd ed},
	address = {Reading, Mass}
}


@misc{theben2019,
	title = {The {\#}BenderRule: On Naming the Languages We Study and Why It Matters},
	year = {2019},
	month = {09},
	date = {2019-09-15},
	url = {https://thegradient.pub/the-benderrule-on-naming-the-languages-we-study-and-why-it-matters/},
	langid = {en}
}

@article{dueñas2011,
	title = {Propuesta metodológica para realizar mapas de conocimiento},
	author = {{Dueñas}, Marco and Rojas, Diana and Morales, {María Eugenia}},
	year = {2011},
	month = {12},
	date = {2011-12-31},
	journal = {Revista Facultad de Ciencias Económicas},
	pages = {77--90},
	volume = {20},
	number = {1},
	doi = {10.18359/rfce.2186},
	url = {http://dx.doi.org/10.18359/rfce.2186}
}

@misc{dspace2021,
	title = {DSpace},
	year = {2021},
	month = {08},
	date = {2021-08-30},
	url = {https://es.wikipedia.org/w/index.php?title=DSpace&oldid=138002853},
	note = {Page Version ID: 138002853},
	langid = {es}
}

@book{luraschi2019,
	title = {Mastering Spark with R: the complete guide to large-scale analysis and modeling},
	author = {Luraschi, Javier and Kuo, Kevin and Ruiz, Edgar},
	year = {2019},
	date = {2019},
	publisher = {O'Reilly Media},
	edition = {First edition},
	address = {Beijing [China] ; Sebastopol, CA}
}

@book{sommerville2016,
	title = {Software engineering},
	author = {Sommerville, Ian},
	year = {2016},
	date = {2016},
	publisher = {Pearson},
	edition = {Tenth edition},
	note = {OCLC: ocn907941065},
	address = {Boston}
}

@book{manning2008a,
	title = {Introduction to information retrieval},
	author = {Manning, Christopher D. and Raghavan, Prabhakar and {Schütze}, Hinrich},
	year = {2008},
	date = {2008},
	publisher = {Cambridge University Press},
	note = {OCLC: ocn190786122},
	address = {New York}
}


@book{luraschi2019a,
	title = {Mastering Spark with R: the complete guide to large-scale analysis and modeling},
	author = {Luraschi, Javier and Kuo, Kevin and Ruiz, Edgar},
	year = {2019},
	date = {2019},
	publisher = {O'Reilly Media},
	edition = {First edition},
	address = {Beijing [China] ; Sebastopol, CA}
}
